@article{koch2015review_survey,
author = {C. Koch and K. Georgieva and V. Kasireddy and B. Akinci and P. Fieguth},
journal = {Advanced Engineering Informatics},
number = {2},
pages = {196-210},
title = {A review on computer vision based defect detection and condition assessment of concrete and asphalt civil infrastructure.},
volume = {29},
year = {2015},
}

@article{jahanshahi2013innovative,
author = {Mohammad R. Jahanshahi and Sami F. Masri and Curtis W. Padgett and Gaurav S. Sukhatme},
journal = {Machine vision and applications},
number = {2},
pages = {227-241},
title = {An innovative methodology for detection and quantification of cracks through incorporation of depth perception.},
volume = {24},
year = {2013},
}

@article{googlenet2014going,
author = {Christian Szegedy and Wei Liu and Yangqing Jia and Pierre Sermanet and Scott Reed and Dragomir Anguelov and Dumitru Erhan and Vincent Vanhoucke and Andrew Rabinovich},
journal = {arXiv preprint arXiv:1409.4842},
title = {Going deeper with convolutions},
year = {2014},
}

@techreport{farfade2015multi,
author = {Sachin Sudhakar Farfade and Mohammad Saberian and Li-Jia Li.},
title = {Multi-view face detection using deep convolutional neural networks.},
type = {preprint},
year = {2015},
}

@article{karayev2013styleRecognizing,
author = {Sergey Karayev and Matthew Trentacoste and Helen Han and Aseem Agarwala and Trevor Darrell and Aaron Hertzmann and Holger Winnemoeller},
journal = {preprint},
title = {Recognizing image style.},
year = {2013},
}

@article{krizhevsky2012imagenet,
author = {Alex Krizhevsky and Ilya Sutskever and Geoffrey E. Hinton},
journal = {Advances in neural information processing systems},
pages = {1097-1105},
title = {Imagenet classification with deep convolutional neural networks},
year = {2012},
}

@article{oquab2014learning,
author = {Maxime Oquab and Leon Bottou and Ivan Laptev and Josef Sivic},
journal = {Computer Vision and Pattern Recognition (CVPR), 2014 IEEE Conference on},
pages = {1717-1724},
title = {Learning and transferring mid-level image representations using convolutional neural networks},
year = {2014},
}

@incollection{zeiler2014visualizing,
author = {Matthew D. Zeiler and Rob Fergus},
booktitle = {Computer Vision--ECCV},
pages = {818-833},
publisher = {Springer},
title = {Visualizing and understanding convolutional networks},
year = {2014},
}

@article{SEG_EXTEND,
author = {Fanfan Liu and Guoai Xu and Yixian Yang and Xinxin Niu and Yuli Pan},
journal = {Knowledge Acquisition and Modeling, 2008. KAM '08. International Symposium on},
pages = {610-614},
title = {Novel approach to pavement cracking automatic detection based on segment extending},
year = {2008},
}

@article{ZouTensorVoting,
author = {Qin Zou and Yu Cao and Qingquan Li and Qingzhou Mao and Song Wang},
journal = {Pattern Recognition Letters},
number = {3},
pages = {227-238},
title = {Cracktree: Automatic crack detection from pavement images},
volume = {33},
year = {2012},
}

@article{SALIENCY,
author = {Wei Xu and Zhenmin Tang and Jun Zhou and Jundi Ding},
journal = {Image Processing (ICIP), 2013 20th IEEE International Conference on},
pages = {4093-4097},
title = {Pavement crack detection based on saliency and statistical features},
year = {2013},
}

@article{HTF_SVM,
author = {Han Hu and Quanquan Gu and Jie Zhou},
journal = {Image Processing (ICIP), 2010 17th IEEE International Conference on},
pages = {1633-1636},
title = {Htf: a novel feature for general crack detection},
year = {2010},
}

@article{SEED_GROW,
author = {Qingquan Li and Qin Zou and Daqiang Zhang and Qingzhou Mao},
journal = {Image and Vision Computing},
number = {12},
pages = {861-872},
title = {Fosa: F* seed-growing approach for crack-line detection from pavement images.},
volume = {29},
year = {2011},
}

@article{Oliveira2013_road_blockClassification,
author = {H. Oliveira and P. L. Correia},
journal = {Intelligent Transportation Systems, IEEE Transactions on},
month = {March},
number = {1},
pages = {155-168},
title = {Automatic road crack detection and characterization.},
volume = {14},
year = {2013},
}

@article{Oliveira2014_Road_Classify_ICIP,
author = {H. Oliveira and P. L. Correia},
journal = {Image Processing (ICIP), 2014 IEEE International Conference on},
pages = {798-802},
title = {Crackit #x2014; an image processing toolbox for crack detection and characterization},
year = {2014},
}

@article{Medina2014_Road_GaborAdaboost,
author = {R. Medina and J. Llamas and E. Zalama and J. Gomez-Garcia-Bermejo},
journal = {Image Processing (ICIP), 2014 IEEE International Conference on},
pages = {778-782},
title = {Enhanced automatic detection of road surface cracks by combining 2d/3d image processing techniques},
year = {2014},
}

@incollection{chanda2014_bridges_textureSVM,
author = {Sukalpa Chanda and Guoping Bu and Hong Guan and Jun Jo and Umapada Pal and Yew-Chaye Loo and Michael Blumenstein},
booktitle = {Artificial Neural Networks in Pattern Recognition},
pages = {193-203},
publisher = {Springer},
title = {Automatic bridge crack detection--a texture analysis-based approach},
year = {2014},
}

@article{Kapela2015_Road_HOG_SVM,
author = {R. Kapela and P. Sniatala and A. Turkot and A. Rybarczyk and A. Pozarycki and P. Rydzewski and M. Wyczalek and A. Bloch},
journal = {Mixed Design of Integrated Circuits Systems (MIXDES), 2015 22nd International Conference},
month = {June},
pages = {579-584},
title = {Asphalt surfaced pavement cracks detection based on histograms of oriented gradients},
year = {2015},
}

@article{Prasanna2014_Bridges_classifierRANSAClines,
author = {P. Prasanna and K. J. Dana and N. Gucunski and B. B. Basily and H. M. La and R. S. Lim and H. Parvardeh},
journal = {Automation Science and Engineering, IEEE Transactions on},
pages = {1-9},
title = {Automated crack detection on concrete bridges},
volume = {99},
year = {2014},
}

@article{Zou2015_weldDefect_Kalman,
author = {Yirong Zou and Dong Du and Baohua Chang and Linhong Ji and Jiluan Pan},
journal = {NDT & E International},
pages = {1-9},
title = {Automatic weld defect detection method based on kalman filtering for real-time radiographic inspection of spiral pipe.},
volume = {72},
year = {2015},
}

@article{Zou2015_weldDefect_Kalman,
author = {Yirong Zou and Dong Du and Baohua Chang and Linhong Ji and Jiluan Pan},
journal = {NDT & E International},
pages = {1-9},
title = {Automatic weld defect detection method based on kalman filtering for real-time radiographic inspection of spiral pipe.},
volume = {72},
year = {2015},
}
