@article{Koch:2015,
    author = {Koch, Christian and Georgieva, Kristina and Kasireddy, Varun and Akinci, Burcu and Fieguth, Paul},
    title = {A Review on Computer Vision Based Defect Detection and Condition Assessment of Concrete and Asphalt Civil Infrastructure},
    journal = {Adv. Eng. Inform.},
    issue_date = {April 2015},
    volume = {29},
    number = {2},
    month = apr,
    year = {2015},
    issn = {1474-0346},
    pages = {196--210},
    numpages = {15},
    url = {http://dx.doi.org/10.1016/j.aei.2015.01.008},
    doi = {10.1016/j.aei.2015.01.008},
    acmid = {2779477},
    publisher = {Elsevier Science Publishers B. V.},
    address = {Amsterdam, The Netherlands, The Netherlands},
    keywords = {Computer vision, Condition assessment, Defect detection, Infrastructure, Infrastructure monitoring}
} 

@article{jahanshahi2013,
    title={An innovative methodology for detection and quantification of cracks through incorporation of depth perception},
    author={Jahanshahi, Mohammad R and Masri, Sami F and Padgett, Curtis W and Sukhatme, Gaurav S},
    journal={Machine vision and applications},
    volume={24},
    number={2},
    pages={227--241},
    year={2013},
    publisher={Springer}
}

@article{szegedy2014,
    title={Going deeper with convolutions},
    author={Szegedy, Christian and Liu, Wei and Jia, Yangqing and Sermanet, Pierre and Reed, Scott and Anguelov, Dragomir and Erhan, Dumitru and Vanhoucke, Vincent and Rabinovich, Andrew},
    journal={arXiv preprint arXiv:1409.4842},
    year={2014}
}

@article{farfade2015,
    title={Multi-view Face Detection Using Deep Convolutional Neural Networks},
    author={Farfade, Sachin Sudhakar and Saberian, Mohammad and Li, Li-Jia},
    journal={arXiv preprint arXiv:1502.02766},
    year={2015}
}

@article{karayev2013,
    title={Recognizing image style},
    author={Karayev, Sergey and Trentacoste, Matthew and Han, Helen and Agarwala, Aseem and Darrell, Trevor and Hertzmann, Aaron and Winnemoeller, Holger},
    journal={arXiv preprint arXiv:1311.3715},
    year={2013}
}

@inproceedings{krizhevsky2012,
    title={Imagenet classification with deep convolutional neural networks},
    author={Krizhevsky, Alex and Sutskever, Ilya and Hinton, Geoffrey E},
    booktitle={Advances in neural information processing systems},
    pages={1097--1105},
    year={2012}
}

@article{oquab2014,
    author = {Maxime Oquab and Leon Bottou and Ivan Laptev and Josef Sivic},
    journal = {Computer Vision and Pattern Recognition (CVPR), 2014 IEEE Conference on},
    pages = {1717-1724},
    title = {Learning and transferring mid-level image representations using convolutional neural networks},
    year = {2014}
}

@incollection{zeiler2014,
    author = {Matthew D. Zeiler and Rob Fergus},
    booktitle = {Computer Vision--ECCV},
    pages = {818-833},
    publisher = {Springer},
    title = {Visualizing and understanding convolutional networks},
    year = {2014}
}

@inproceedings{liu2008,
  title={Novel approach to pavement cracking automatic detection based on segment extending},
  author={Liu, Fanfan and Xu, Guoai and Yang, Yixian and Niu, Xinxin and Pan, Yuli},
  booktitle={Knowledge Acquisition and Modeling, 2008. KAM'08. International Symposium on},
  pages={610--614},
  year={2008},
  organization={IEEE}
}

@article{zou2012,
  title={CrackTree: Automatic crack detection from pavement images},
  author={Zou, Qin and Cao, Yu and Li, Qingquan and Mao, Qingzhou and Wang, Song},
  journal={Pattern Recognition Letters},
  volume={33},
  number={3},
  pages={227--238},
  year={2012},
  publisher={Elsevier}
}

@inproceedings{xu2013,
  title={Pavement crack detection based on saliency and statistical features},
  author={Xu, Wei and Tang, Zhenmin and Zhou, Jun and Ding, Jundi},
  booktitle={Image Processing (ICIP), 2013 20th IEEE International Conference on},
  pages={4093--4097},
  year={2013},
  organization={IEEE}
}

@inproceedings{hu2010,
  title={HTF: a novel feature for general crack detection},
  author={Hu, Han and Gu, Quanquan and Zhou, Jie},
  booktitle={Image Processing (ICIP), 2010 17th IEEE International Conference on},
  pages={1633--1636},
  year={2010},
  organization={IEEE}
}

@article{li2011,
  title={FoSA: F* Seed-growing Approach for crack-line detection from pavement images},
  author={Li, Qingquan and Zou, Qin and Zhang, Daqiang and Mao, Qingzhou},
  journal={Image and Vision Computing},
  volume={29},
  number={12},
  pages={861--872},
  year={2011},
  publisher={Elsevier}
}

@article{Oliveira2013,
    author = {H. Oliveira and P. L. Correia},
    journal = {Intelligent Transportation Systems, IEEE Transactions on},
    month = {March},
    number = {1},
    pages = {155-168},
    title = {Automatic road crack detection and characterization.},
    volume = {14},
    year = {2013}
}

@article{Oliveira2014,
    author = {H. Oliveira and P. L. Correia},
    journal = {Image Processing (ICIP), 2014 IEEE International Conference on},
    pages = {798-802},
    title = {Crackit \#x2014; an image processing toolbox for crack detection and characterization},
    year = {2014}
}

@article{Medina2014,
    author = {R. Medina and J. Llamas and E. Zalama and J. Gomez-Garcia-Bermejo},
    journal = {Image Processing (ICIP), 2014 IEEE International Conference on},
    pages = {778-782},
    title = {Enhanced automatic detection of road surface cracks by combining 2d/3d image processing techniques},
    year = {2014}
}

@incollection{chanda2014,
    author = {Sukalpa Chanda and Guoping Bu and Hong Guan and Jun Jo and Umapada Pal and Yew-Chaye Loo and Michael Blumenstein},
    booktitle = {Artificial Neural Networks in Pattern Recognition},
    pages = {193-203},
    publisher = {Springer},
    title = {Automatic bridge crack detection--a texture analysis-based approach},
    year = {2014}
}

@article{Kapela2015,
    author = {R. Kapela and P. Sniatala and A. Turkot and A. Rybarczyk and A. Pozarycki and P. Rydzewski and M. Wyczalek and A. Bloch},
    journal = {Mixed Design of Integrated Circuits Systems (MIXDES), 2015 22nd International Conference},
    month = {June},
    pages = {579-584},
    title = {Asphalt surfaced pavement cracks detection based on histograms of oriented gradients},
    year = {2015}
}

@article{Prasanna2014,
    author = {P. Prasanna and K. J. Dana and N. Gucunski and B. B. Basily and H. M. La and R. S. Lim and H. Parvardeh},
    journal = {Automation Science and Engineering, IEEE Transactions on},
    pages = {1-9},
    title = {Automated crack detection on concrete bridges},
    volume = {99},
    year = {2014}
}

@article{zou2015,
  title={Automatic weld defect detection method based on Kalman filtering for real-time radiographic inspection of spiral pipe},
  author={Zou, Yirong and Du, Dong and Chang, Baohua and Ji, Linhong and Pan, Jiluan},
  journal={NDT \& E International},
  volume={72},
  pages={1--9},
  year={2015},
  publisher={Elsevier}
}

@article{jia2014,
  author = {Jia, Yangqing and Shelhamer, Evan and Donahue, Jeff and Karayev, Sergey and Long, Jonathan and Girshick, Ross and Guadarrama, Sergio and Darrell, Trevor},
  journal = {arXiv preprint arXiv:1408.5093},
  title = {Caffe: Convolutional Architecture for Fast Feature Embedding},
  year = {2014}
}